# Encoding: UTF-8

@article{zbornik,
  author    = {Sylvain E. Cappell and Julius L. Shaneson},
  journal   = {Annals of Mathematics},
  number    = {3},
  pages     = {539--552},
  publisher = {Annals of Mathematics},
  title     = {Singularities and Immersions},
  urldate   = {2023-01-01},
  volume    = {105},
  year      = {1977},
}

@book{kalisnik,
  title     = {Upodobitev orbiterosti: diplomsko delo : Prešernova nagrada študentom},
  author    = {Kališnik, J. and Mrčun, J.},
  url       = {https://books.google.si/books?id=yhI8NQAACAAJ},
  year      = {2004},
  publisher = {J. Kališnik},
}

@misc{wiki_dd,
  author  = {{Wikipedia contributors}},
  title   = {Dirac delta function --- {Wikipedia}{,} The Free Encyclopedia},
  url     = {https://en.wikipedia.org/wiki/Dirac_delta_function},
  urldate = {2023-10-08},
}

@misc{math_world_dd,
  author  = {Weisstein, Eric W},
  title   = {Delta Function. {From MathWorld}--{A Wolfram Web Resource}},
  url     = {https://mathworld.wolfram.com/DeltaFunction.html},
  urldate = {2023-10-08},
}


@book{bak_newman,
  title     = {Complex Analysis},
  subtitle = {Undergraduate Texts in Mathematics},
  author    = {Joseph Bak, Donald J. Newman},
  publisher = {Springer Science+Business Media, New York},
  edition   = {3},
  year      = {2017},
  isbn = {978-1-4419-7287-3}
}

@book{gamelin,
  year      = {2001},
  publisher = {Springer Science+Business Media, New York},
  place    = {New York},
  author    = {Theodore W. Gamelin},
  title     = {Complex Analysis},
  subtitle = {Undergraduate Texts in Mathematics},
  isbn = {978-0-387-95069-3},
}

@book{conway,
  year      = {1978},
  publisher = {Springer-Verlag, New York},
  place     = {New York},
  edition   = {2},
  author    = {John B. Conway},
  title     = {Functions of One Complex Variable},
  subtitle = {Graduate Texts in Mathematics},
}

@book{evans,
  year      = {2010},
  publisher = {American Mathematical Society, Providence Long Island},
  edition   = {2},
  author    = {Lawrence C. Evans},
  title     = {Partial Differential Equations},
  subtitle  = {Graduate Studies in Mathematics, Volume 19},
  url       = {https://math24.files.wordpress.com/2013/02/partial-differential-equations-by-evans.pdf},
  urldate = {2023-10-08},
}

@book{rudin,
  year      = {1987},
  publisher = {McGraw-HiII Book Company},
  edition   = {3},
  author    = {Walter Rudin},
  title     = {Real and Complex Analysis},
}

@book{hft,
  year      = {2020},
  publisher = {Springer},
  edition   = {2},
  author    = {Sheldon Axler, Paul Bourdon, Wade Ramey},
  title     = {Harmonic Function Theory},
  url       = {https://sites.math.washington.edu/~morrow/336_18/HFT.pdf},
  urldate = {2023-10-08},
}

@misc{agarwal,
  author  = {Ritu Agarwal},
  title   = {HARMONIC FUNCTIONS},
  year    = {2016},
  url     = {https://drrituagarwal.files.wordpress.com/2016/08/mat665-harmonic-functions.pdf},
  urldate = {2023-10-08},
}

@misc{garrett,
  author  = {Paul Garrett},
  title   = {11. Harmonic functions, Poisson kernels},
  year    = {2020},
  url     = {https://www-users.cse.umn.edu/~garrett/m/complex/notes_2020-21/11_harmonic.pdf},
  urldate = {2023-10-08},
}

@misc{kumaresan,
  author    = {S. Kumaresan},
  publisher = {School of Math. and Stat. University of Hyderabad},
  title     = {Approximate Identities},
  urldate   = {2023-10-08},
  url       = {https://4dspace.mtts.org.in/expository-article-download.php?ai=6}
}
@misc{math_world_schwarz,
  author    = {Rowland, Todd},
  title     = {Schwarz Reflection Principle. {From MathWorld--A Wolfram Web Resource}, {created by Eric W. Weisstein}},
  urldate   = {2023-10-08},
  url       = {https://mathworld.wolfram.com/SchwarzReflectionPrinciple.html}
}

@misc{ustinovskiy,
  author  = {Yury Ustinovskiy},
  subtitle   = {Complex Variables MATH-GA.2451-001},
  title = {Lecture 15},
  year    = {2019},
  url     = {https://www.lehigh.edu/~yuu221/files/teaching/complex/lecture15.pdf},
  urldate = {2023-10-08},
}

@misc{skripta_ana2,
  author  = {Josip Globevnik, Miha Brojan},
  title = {Analiza 2},
  year    = {2010},
  url     = {https://users.fmf.uni-lj.si/globevnik/skriptaII.pdf},
  urldate = {2023-10-08},
}

@misc{mckernan,
  author  = {James McKernan},
  title = {22. The Schwarz Reflection Principle},
  year    = {2020},
  url     = {https://mathweb.ucsd.edu/~jmckerna/Teaching/19-20/Spring/120B/l_22.pdf},
  urldate = {2023-10-08},
}
